@article{ballard1996mortal,
  title={Mortal Kombat (tm): The effects of violent videogame play on males' hostility and cardiovascular responding},
  author={Ballard, Mary E and Wiest, J Rose},
  journal={Journal of Applied Social Psychology},
  volume={26},
  number={8},
  pages={717--730},
  year={1996},
  publisher={Wiley Online Library}
}

@inproceedings{jeong2015brand,
  title={Brand Memory, Attitude, and State Aggression in Violent Games: Focused on the Roles of Arousal, Negative Affect, and Spatial Presence},
  author={Jeong, Eui Jun and Lee, Hey Rim and Woo, Jung Hyun},
  booktitle={System Sciences (HICSS), 2015 48th Hawaii International Conference on},
  pages={3538--3547},
  year={2015},
  organization={IEEE}
}

@article{nowak2008causes,
  title={The causes and consequences of presence: Considering the influence of violent video games on presence and aggression},
  author={Nowak, Kristine L and Krcmar, Marina and Farrar, Kirstie M},
  journal={Presence: Teleoperators and Virtual Environments},
  volume={17},
  number={3},
  pages={256--268},
  year={2008},
  publisher={MIT Press}
}

@inproceedings{zhang2009violent,
  title={Violent components and interactive mode of computer video game on player's negative social effect},
  author={Zhang, Xue-min and Li, Mao and Yang, Bin and Chang, Liu},
  booktitle={Intelligent Information Technology Application, 2009. IITA 2009. Third International Symposium on},
  volume={3},
  pages={95--103},
  year={2009},
  organization={IEEE}
}

@inproceedings{murzyn2016our,
  title={Our Virtual Selves, Our Virtual Morals: Mass Effect Players' Personality and In-Game Choices},
  author={Murzyn, Eva and Valgaeren, Evelien},
  booktitle={Interactive Technologies and Games (iTAG), 2016 International Conference on},
  pages={82--86},
  year={2016},
  organization={IEEE}
}

@inproceedings{rawn2008examining,
  title={Examining the relationship between game type, player disposition and aggression},
  author={Rawn, Robert WA and Brodbeck, David R},
  booktitle={Proceedings of the 2008 Conference on Future Play: Research, Play, Share},
  pages={208--211},
  year={2008},
  organization={ACM}
}

@inproceedings{ashbarry2016blood,
  title={Blood and Violence: Exploring the Impact of Gore in Violent Video Games},
  author={Ashbarry, Louise and Geelan, Benjamin and de Salas, Kristy and Lewis, Ian},
  booktitle={Proceedings of the 2016 Annual Symposium on Computer-Human Interaction in Play},
  pages={44--52},
  year={2016},
  organization={ACM}
}

@inproceedings{kim2011effects,
  title={The effects of realistic controller and real-life exposure to gun on psychology of violent video game players},
  author={Kim, Ki Joon and Biocca, Frank and Jeong, Eui Jun},
  booktitle={Proceedings of the 5th International Conference on Ubiquitous Information Management and Communication},
  pages={49},
  year={2011},
  organization={ACM}
}

@inproceedings{fumhe2015violent,
  title={Violent gaming and player aggression: Exploring the effects of socio-psychological and technology influences},
  author={Fumhe, Nyari and Naidoo, Rennie},
  booktitle={Proceedings of the 2015 Annual Research Conference on South African Institute of Computer Scientists and Information Technologists},
  pages={17},
  year={2015},
  organization={ACM}
}

@inproceedings{zendle2015higher,
  title={Higher Graphical Fidelity Decreases Players' Access to Aggressive Concepts in Violent Video Games},
  author={Zendle, David and Cairns, Paul and Kudenko, Daniel},
  booktitle={Proceedings of the 2015 Annual Symposium on Computer-Human Interaction in Play},
  pages={241--251},
  year={2015},
  organization={ACM}
}

@inproceedings{lee2016role,
  title={Role of Internal Health Belief, Catharsis Seeking, and Self-Efficacy in Game Players' Aggression},
  author={Lee, Hye Rim and Jeong, Eui Jun and Kim, Joo Woo},
  booktitle={System Sciences (HICSS), 2016 49th Hawaii International Conference on},
  pages={3791--3800},
  year={2016},
  organization={IEEE}
}
@article{przybylski2014competence,
  title={Competence-impeding electronic games and playersâ€™ aggressive feelings, thoughts, and behaviors.},
  author={Przybylski, Andrew K and Deci, Edward L and Rigby, C Scott and Ryan, Richard M},
  journal={Journal of personality and social psychology},
  volume={106},
  number={3},
  pages={441},
  year={2014},
  publisher={American Psychological Association}
}